@article{babady2013,
  title = {The {{FilmArray}}\textregistered{} Respiratory Panel: An Automated, Broadly Multiplexed Molecular Test for the Rapid and Accurate Detection of Respiratory Pathogens},
  shorttitle = {The {{FilmArray}}\textregistered{} Respiratory Panel},
  author = {Babady, N Esther},
  year = {2013},
  month = nov,
  journal = {Expert Review of Molecular Diagnostics},
  volume = {13},
  number = {8},
  pages = {779--788},
  publisher = {{Taylor \& Francis}},
  issn = {1473-7159},
  doi = {10.1586/14737159.2013.848794},
  urldate = {2023-07-05},
  pmid = {24151847},
  keywords = {automation,multiplex PCR,rapid diagnosis,respiratory tract infection},
  file = {/home/vp22681/Zotero/storage/WKKSTAXG/Babady - 2013 - The FilmArray® respiratory panel an automated, br.pdf}
}

@article{bonten2015,
  title = {Polysaccharide {{Conjugate Vaccine}} against {{Pneumococcal Pneumonia}} in {{Adults}}},
  author = {Bonten, Marc J.M. and Huijts, Susanne M. and Bolkenbaas, Marieke and Webber, Chris and Patterson, Scott and Gault, Samantha and {van Werkhoven}, Cornelis H. and {van Deursen}, Anna M.M. and Sanders, Elisabeth A.M. and Verheij, Theo J.M. and Patton, Michael and McDonough, Anne and {Moradoghli-Haftvani}, Anita and Smith, Helen and Mellelieu, Tracey and Pride, Michael W. and Crowther, Graham and {Schmoele-Thoma}, Beate and Scott, Daniel A. and Jansen, Kathrin U. and Lobatto, Rita and Oosterman, Bas and Visser, Nils and Caspers, Esther and Smorenburg, Andre and Emini, Emilio A. and Gruber, William C. and Grobbee, Diederick E.},
  year = {2015},
  month = mar,
  journal = {New England Journal of Medicine},
  volume = {372},
  number = {12},
  pages = {1114--1125},
  publisher = {{Massachusetts Medical Society}},
  issn = {0028-4793},
  doi = {10.1056/NEJMoa1408544},
  urldate = {2023-01-30},
  pmid = {25785969},
  file = {/home/vp22681/Zotero/storage/E8X5X4M2/Bonten et al. - 2015 - Polysaccharide Conjugate Vaccine against Pneumococ.pdf;/home/vp22681/Zotero/storage/S4DJ54QV/Bonten et al. - 2015 - Polysaccharide Conjugate Vaccine against Pneumococ.pdf}
}

@article{chan2018,
  title = {Comparison of the {{Biofire FilmArray Respiratory Panel}}, {{Seegene AnyplexII RV16}}, and {{Argene}} for the Detection of Respiratory Viruses},
  author = {Chan, Maurice and Koo, Seok Hwee and Jiang, Boran and Lim, Pei Qi and Tan, Thean Yen},
  year = {2018},
  month = sep,
  journal = {Journal of Clinical Virology},
  volume = {106},
  pages = {13--17},
  issn = {1386-6532},
  doi = {10.1016/j.jcv.2018.07.002},
  urldate = {2023-07-12},
  langid = {english},
  keywords = {Molecular diagnostics,Respiratory infections,Viruses},
  file = {/home/vp22681/Zotero/storage/AWMKBWYF/Chan et al. - 2018 - Comparison of the Biofire FilmArray Respiratory Pa.pdf;/home/vp22681/Zotero/storage/LDSDDMUQ/S1386653218301690.html}
}

@article{chang2022,
  title = {{{BioFire FilmArray}} Respiratory Panel {{RP2}}.1 for {{SARS-CoV-2}} Detection: {{The}} Pitfalls},
  shorttitle = {{{BioFire FilmArray}} Respiratory Panel {{RP2}}.1 for {{SARS-CoV-2}} Detection},
  author = {Chang, Yu-Chang and Hsiao, Chiung-Tzu and Chen, Wan-Li and Su, Yang-Di and Hsueh, Po-Ren},
  year = {2022},
  month = nov,
  journal = {Journal of Infection},
  volume = {85},
  number = {5},
  pages = {e149-e151},
  publisher = {{Elsevier}},
  issn = {0163-4453, 1532-2742},
  doi = {10.1016/j.jinf.2022.07.030},
  urldate = {2023-07-11},
  langid = {english},
  pmid = {35952904},
  file = {/home/vp22681/Zotero/storage/P8A6K7RQ/Chang et al. - 2022 - BioFire FilmArray respiratory panel RP2.1 for SARS.pdf}
}

@article{endo2020,
  title = {Bias Correction Methods for Test-Negative Designs in the Presence of Misclassification},
  author = {Endo, A. and Funk, S. and Kucharski, A. J.},
  year = {2020},
  journal = {Epidemiology and Infection},
  volume = {148},
  pages = {e216},
  issn = {0950-2688},
  doi = {10.1017/S0950268820002058},
  urldate = {2023-02-28},
  pmcid = {PMC7522852},
  pmid = {32895088},
  file = {/home/vp22681/Zotero/storage/FQXLRLGR/Endo et al. - Bias correction methods for test-negative designs .pdf}
}

@article{flor2020,
  title = {Comparison of {{Bayesian}} and Frequentist Methods for Prevalence Estimation under Misclassification},
  author = {Flor, Matthias and Wei{\ss}, Michael and Selhorst, Thomas and {M{\"u}ller-Graf}, Christine and Greiner, Matthias},
  year = {2020},
  month = jul,
  journal = {BMC Public Health},
  volume = {20},
  number = {1},
  pages = {1135},
  issn = {1471-2458},
  doi = {10.1186/s12889-020-09177-4},
  urldate = {2023-02-10},
  keywords = {Bayesian prevalence estimate,Diagnostic sensitivity,Diagnostic specificity,Imperfect diagnostic test,Misclassification,Prevalence estimation,Rogan-Gladen estimate},
  file = {/home/vp22681/Zotero/storage/L9JY4QAM/Flor et al. - 2020 - Comparison of Bayesian and frequentist methods for.pdf;/home/vp22681/Zotero/storage/WHEDB3Y8/s12889-020-09177-4.html}
}

@article{gelman2020,
  title = {Bayesian {{Analysis}} of {{Tests}} with {{Unknown Specificity}} and {{Sensitivity}}},
  author = {Gelman, Andrew and Carpenter, Bob},
  year = {2020},
  month = nov,
  journal = {Journal of the Royal Statistical Society Series C: Applied Statistics},
  volume = {69},
  number = {5},
  pages = {1269--1283},
  issn = {0035-9254},
  doi = {10.1111/rssc.12435},
  urldate = {2023-02-28},
  file = {/home/vp22681/Zotero/storage/6TTA9EEI/Gelman and Carpenter - Bayesian analysis of tests with unknown speciﬁcity.pdf;/home/vp22681/Zotero/storage/JMV8LD32/Gelman and Carpenter - 2020 - Bayesian Analysis of Tests with Unknown Specificit.pdf;/home/vp22681/Zotero/storage/AU23LQDX/7058663.html}
}

@article{grondahl1999,
  title = {Rapid {{Identification}} of {{Nine Microorganisms Causing Acute Respiratory Tract Infections}} by {{Single-Tube Multiplex Reverse Transcription-PCR}}: {{Feasibility Study}}},
  shorttitle = {Rapid {{Identification}} of {{Nine Microorganisms Causing Acute Respiratory Tract Infections}} by {{Single-Tube Multiplex Reverse Transcription-PCR}}},
  author = {Gr{\"o}ndahl, Britta and Puppe, Wolfram and Hoppe, Andrea and K{\"u}hne, Inka and Weigl, Josef A. I. and Schmitt, Heinz-Josef},
  year = {1999},
  month = jan,
  journal = {Journal of Clinical Microbiology},
  volume = {37},
  number = {1},
  pages = {1--7},
  publisher = {{American Society for Microbiology}},
  doi = {10.1128/jcm.37.1.1-7.1999},
  urldate = {2023-07-06},
  file = {/home/vp22681/Zotero/storage/VEUYDNJR/Gröndahl et al. - 1999 - Rapid Identification of Nine Microorganisms Causin.pdf}
}

@misc{haile2022,
  title = {Bias in (Sero)Prevalence Estimates},
  author = {Haile, Sarah R.},
  year = {2022},
  month = dec,
  pages = {2022.11.24.22282720},
  publisher = {{medRxiv}},
  doi = {10.1101/2022.11.24.22282720},
  urldate = {2023-02-23},
  archiveprefix = {medRxiv},
  copyright = {\textcopyright{} 2022, Posted by Cold Spring Harbor Laboratory. This pre-print is available under a Creative Commons License (Attribution-NonCommercial-NoDerivs 4.0 International), CC BY-NC-ND 4.0, as described at http://creativecommons.org/licenses/by-nc-nd/4.0/},
  langid = {english},
  file = {/home/vp22681/Zotero/storage/ENJU42M5/Haile - 2022 - Bias in (sero)prevalence estimates.pdf}
}

@article{hendolin1997,
  title = {Use of Multiplex {{PCR}} for Simultaneous Detection of Four Bacterial Species in Middle Ear Effusions},
  author = {Hendolin, P H and Markkanen, A and Ylikoski, J and Wahlfors, J J},
  year = {1997},
  month = nov,
  journal = {Journal of Clinical Microbiology},
  volume = {35},
  number = {11},
  pages = {2854--2858},
  publisher = {{American Society for Microbiology}},
  doi = {10.1128/jcm.35.11.2854-2858.1997},
  urldate = {2023-07-06},
  file = {/home/vp22681/Zotero/storage/A4UFXE63/Hendolin et al. - 1997 - Use of multiplex PCR for simultaneous detection of.pdf}
}

@article{henson2023,
  title = {{{PepSeq}}: A Fully in Vitro Platform for Highly Multiplexed Serology Using Customizable {{DNA-barcoded}} Peptide Libraries},
  shorttitle = {{{PepSeq}}},
  author = {Henson, Sierra N. and Elko, Evan A. and Swiderski, Piotr M. and Liang, Yong and Engelbrektson, Anna L. and Pi{\~n}a, Alejandra and Boyle, Annalee S. and Fink, Zane and Facista, Salvatore J. and Martinez, Vidal and Rahee, Fatima and Brown, Annabelle and Kelley, Erin J. and Nelson, Georgia A. and Raspet, Isaiah and Mead, Heather L. and Altin, John A. and Ladner, Jason T.},
  year = {2023},
  month = feb,
  journal = {Nature Protocols},
  volume = {18},
  number = {2},
  pages = {396--423},
  publisher = {{Nature Publishing Group}},
  issn = {1750-2799},
  doi = {10.1038/s41596-022-00766-8},
  urldate = {2023-07-05},
  copyright = {2022 Springer Nature Limited},
  langid = {english},
  keywords = {Antibodies,Bioinformatics,Immunological techniques,Software},
  file = {/home/vp22681/Zotero/storage/QFJEY9RW/Henson et al. - 2023 - PepSeq a fully in vitro platform for highly multi.pdf}
}

@misc{hyams2023a,
  title = {Trends in Serotype Distribution and Disease Severity in Adults Hospitalised with {{Streptococcus}} Pneumoniae Infection in {{Bristol}} and {{Bath}}: A Retrospective Cohort Study, 2006-2022},
  shorttitle = {Trends in Serotype Distribution and Disease Severity in Adults Hospitalised with {{Streptococcus}} Pneumoniae Infection in {{Bristol}} and {{Bath}}},
  author = {Hyams, Catherine and Challen, Robert and Hettle, David and {Amin-Chowdhury}, Zahin and Grimes, Charli and Ruffino, Gabriella and Conway, Rauri and Heath, Robyn and North, Paul and Malin, Adam and Maskell, Nick A. and Williams, Philip and Williams, O. Martin and Ladhani, Shamez N. and Danon, Leon and Finn, Adam},
  year = {2023},
  month = mar,
  pages = {2023.03.30.23287917},
  publisher = {{medRxiv}},
  doi = {10.1101/2023.03.30.23287917},
  urldate = {2023-07-13},
  archiveprefix = {medRxiv},
  copyright = {\textcopyright{} 2023, Posted by Cold Spring Harbor Laboratory. This pre-print is available under a Creative Commons License (Attribution-NoDerivs 4.0 International), CC BY-ND 4.0, as described at http://creativecommons.org/licenses/by-nd/4.0/},
  langid = {english},
  file = {/home/vp22681/Zotero/storage/R47D96WU/Hyams et al. - 2023 - Trends in serotype distribution and disease severi.pdf}
}

@article{jaaskelainen2006,
  title = {Multiplex-{{PCR}} and Oligonucleotide Microarray for Detection of Eight Different Herpesviruses from Clinical Specimens},
  author = {J{\"a}{\"a}skel{\"a}inen, Anne J. and Piiparinen, Heli and Lappalainen, Maija and Koskiniemi, Marjaleena and Vaheri, Antti},
  year = {2006},
  month = oct,
  journal = {Journal of Clinical Virology},
  series = {Focus on Herpesviruses},
  volume = {37},
  number = {2},
  pages = {83--90},
  issn = {1386-6532},
  doi = {10.1016/j.jcv.2006.05.010},
  urldate = {2023-07-06},
  langid = {english},
  keywords = {Herpesvirus,Microarray,Multiplex-PCR},
  file = {/home/vp22681/Zotero/storage/IQSGX7WU/Jääskeläinen et al. - 2006 - Multiplex-PCR and oligonucleotide microarray for d.pdf;/home/vp22681/Zotero/storage/2K5EJX93/S1386653206002022.html}
}

@article{jansen2011,
  title = {Development and Evaluation of a Four-Tube Real Time Multiplex {{PCR}} Assay Covering Fourteen Respiratory Viruses, and Comparison to Its Corresponding Single Target Counterparts},
  author = {Jansen, Rogier R. and Schinkel, Janke and Koekkoek, Sylvie and Pajkrt, Dasja and Beld, Marcel and de Jong, Menno D. and Molenkamp, Richard},
  year = {2011},
  month = jul,
  journal = {Journal of Clinical Virology},
  volume = {51},
  number = {3},
  pages = {179--185},
  issn = {1386-6532},
  doi = {10.1016/j.jcv.2011.04.010},
  urldate = {2023-07-06},
  langid = {english},
  keywords = {Multiplex,PCR,Realtime,Respiratory,Virus},
  file = {/home/vp22681/Zotero/storage/9TA5CNMF/Jansen et al. - 2011 - Development and evaluation of a four-tube real tim.pdf;/home/vp22681/Zotero/storage/F8PTRRYL/S1386653211001508.html}
}

@article{johnson2001,
  title = {Screening without a ``{{Gold Standard}}'': {{The Hui-Walter Paradigm Revisited}}},
  shorttitle = {Screening without a ``{{Gold Standard}}''},
  author = {Johnson, Wesley O. and Gastwirth, Joseph L. and Pearson, Larry M.},
  year = {2001},
  month = may,
  journal = {American Journal of Epidemiology},
  volume = {153},
  number = {9},
  pages = {921--924},
  issn = {0002-9262},
  doi = {10.1093/aje/153.9.921},
  urldate = {2023-07-13},
  file = {/home/vp22681/Zotero/storage/ZNYA5KW8/Johnson et al. - 2001 - Screening without a “Gold Standard” The Hui-Walte.pdf;/home/vp22681/Zotero/storage/239VFMVZ/124729.html}
}

@article{kalina2020,
  title = {Qualification and {{Clinical Validation}} of an {{Immunodiagnostic Assay}} for {{Detecting}} 11 {{Additional Streptococcus}} Pneumoniae {{Serotype-specific Polysaccharides}} in {{Human Urine}}},
  author = {Kalina, Warren V. and Souza, Victor and Wu, Kangjian and Giardina, Peter and McKeen, Andrew and Jiang, Qin and Tan, Charles and French, Roger and Ren, Yanhua and Belanger, Kelly and McElhiney, Susan and Unnithan, Manu and Cheng, Huiming and Mininni, Terri and {Giordano-Schmidt}, Donna and Gessner, Bradford D. and Jansen, Kathrin U. and Pride, Michael W.},
  year = {2020},
  month = dec,
  journal = {Clinical Infectious Diseases: An Official Publication of the Infectious Diseases Society of America},
  volume = {71},
  number = {9},
  pages = {e430-e438},
  issn = {1537-6591},
  doi = {10.1093/cid/ciaa158},
  langid = {english},
  pmcid = {PMC7713672},
  pmid = {32072165},
  keywords = {Adult,Humans,Pneumococcal Infections,Pneumococcal Vaccines,polysaccharide,Polysaccharides,Serogroup,Serotyping,Streptococcus pneumonia,Streptococcus pneumoniae,Urine antigen detection},
  file = {/home/vp22681/Zotero/storage/IS4Z8AAX/Kalina et al. - 2020 - Qualification and Clinical Validation of an Immuno.pdf}
}

@article{lang2014,
  title = {Confidence Limits for Prevalence of Disease Adjusted for Estimated Sensitivity and Specificity},
  author = {Lang, Zsolt and Reiczigel, Jen{\H o}},
  year = {2014},
  month = jan,
  journal = {Preventive Veterinary Medicine},
  volume = {113},
  number = {1},
  pages = {13--22},
  issn = {0167-5877},
  doi = {10.1016/j.prevetmed.2013.09.015},
  urldate = {2023-02-10},
  langid = {english},
  keywords = {Animal Diseases,Animals,Binomial confidence interval,Bird Diseases,Brucella,Brucellosis,Cattle,Computer Simulation,Confidence Intervals,Coverage probability,{Diagnostic Tests, Routine},Epidemiologic Methods,Exact and approximate inference,False negatives,False positives,Female,Finches,Herpesviridae Infections,{Herpesvirus 1, Bovine},Humans,Imperfect diagnostic test,Prevalence,Trichomonas,Trichomonas Infections,Urinary Incontinence},
  file = {/home/vp22681/Zotero/storage/CVGWT5K3/Lang and Reiczigel - 2014 - Confidence limits for prevalence of disease adjust.pdf;/home/vp22681/Zotero/storage/RSE8L86G/S0167587713002936.html}
}

@article{leber2018,
  title = {Multicenter {{Evaluation}} of {{BioFire FilmArray Respiratory Panel}} 2 for {{Detection}} of {{Viruses}} and {{Bacteria}} in {{Nasopharyngeal Swab Samples}}},
  author = {Leber, Amy L. and Everhart, Kathy and Daly, Judy A. and Hopper, Aubrey and Harrington, Amanda and Schreckenberger, Paul and McKinley, Kathleen and Jones, Matthew and Holmberg, Kristen and Kensinger, Bart},
  year = {2018},
  month = may,
  journal = {Journal of Clinical Microbiology},
  volume = {56},
  number = {6},
  pages = {10.1128/jcm.01945-17},
  publisher = {{American Society for Microbiology}},
  doi = {10.1128/jcm.01945-17},
  urldate = {2023-07-05},
  file = {/home/vp22681/Zotero/storage/4J85QST4/zjm999095961s1.pdf;/home/vp22681/Zotero/storage/F6WF4VPQ/Leber et al. - 2018 - Multicenter Evaluation of BioFire FilmArray Respir.pdf}
}

@article{loeffelholz2020,
  title = {Comparison of the {{FilmArray Respiratory Panel}} and {{Prodesse Real-Time PCR Assays}} for {{Detection}} of {{Respiratory Pathogens}}},
  author = {Loeffelholz, M. J. and Pong, D. L. and Pyles, R. B. and Xiong, Y. and Miller, A. L. and Bufton, K. K. and Chonmaitree, T.},
  year = {2020},
  month = dec,
  journal = {Journal of Clinical Microbiology},
  volume = {49},
  number = {12},
  pages = {4083--4088},
  publisher = {{American Society for Microbiology}},
  doi = {10.1128/jcm.05010-11},
  urldate = {2023-07-05},
  file = {/home/vp22681/Zotero/storage/4ZCLSIRR/Loeffelholz et al. - 2020 - Comparison of the FilmArray Respiratory Panel and .pdf}
}

@article{mengelle2013,
  title = {Simultaneous Detection of Gastrointestinal Pathogens with a Multiplex {{Luminex-based}} Molecular Assay in Stool Samples from Diarrhoeic Patients},
  author = {Mengelle, C. and Mansuy, J. M. and Prere, M. F. and Grouteau, E. and Claudet, I. and Kamar, N. and Huynh, A. and Plat, G. and Benard, M. and Marty, N. and Valentin, A. and Berry, A. and Izopet, J.},
  year = {2013},
  month = oct,
  journal = {Clinical Microbiology and Infection},
  volume = {19},
  number = {10},
  pages = {E458-E465},
  issn = {1198-743X},
  doi = {10.1111/1469-0691.12255},
  urldate = {2023-07-06},
  langid = {english},
  keywords = {Diarrhoea,luminex,microbiological,multiplex,stools},
  file = {/home/vp22681/Zotero/storage/64GDJMNW/Mengelle et al. - 2013 - Simultaneous detection of gastrointestinal pathoge.pdf;/home/vp22681/Zotero/storage/KRWYVIT5/S1198743X14629955.html}
}

@article{murphy2020,
  title = {Multicenter {{Evaluation}} of the {{BioFire FilmArray Pneumonia}}/{{Pneumonia Plus Panel}} for {{Detection}} and {{Quantification}} of {{Agents}} of {{Lower Respiratory Tract Infection}}},
  author = {Murphy, Caitlin N. and Fowler, Randal and {Balada-Llasat}, Joan Miquel and Carroll, Amanda and Stone, Hanna and Akerele, Oluseun and Buchan, Blake and Windham, Sam and Hopp, Amanda and Ronen, Shira and Relich, Ryan F. and Buckner, Rebecca and Warren, Del A. and Humphries, Romney and Campeau, Shelly and Huse, Holly and Chandrasekaran, Suki and Leber, Amy and Everhart, Kathy and Harrington, Amanda and Kwong, Christina and Bonwit, Andrew and Dien Bard, Jennifer and Naccache, Samia and Zimmerman, Cynthia and Jones, Barbara and Rindlisbacher, Cory and Buccambuso, Maggie and Clark, Angela and Rogatcheva, Margarita and Graue, Corrin and Bourzac, Kevin M.},
  year = {2020},
  month = jun,
  journal = {Journal of Clinical Microbiology},
  volume = {58},
  number = {7},
  pages = {10.1128/jcm.00128-20},
  publisher = {{American Society for Microbiology}},
  doi = {10.1128/jcm.00128-20},
  urldate = {2023-07-06},
  file = {/home/vp22681/Zotero/storage/VJTWDUA5/Murphy et al. - 2020 - Multicenter Evaluation of the BioFire FilmArray Pn.pdf}
}

@article{popowitch2020,
  title = {Comparison of the {{Biofire FilmArray RP}}, {{Genmark eSensor RVP}}, {{Luminex xTAG RVPv1}}, and {{Luminex xTAG RVP Fast Multiplex Assays}} for {{Detection}} of {{Respiratory Viruses}}},
  author = {Popowitch, Elena B. and O'Neill, Stacey S. and Miller, Melissa B.},
  year = {2020},
  month = dec,
  journal = {Journal of Clinical Microbiology},
  volume = {51},
  number = {5},
  pages = {1528--1533},
  publisher = {{American Society for Microbiology}},
  doi = {10.1128/jcm.03368-12},
  urldate = {2023-07-11},
  file = {/home/vp22681/Zotero/storage/UI7EQW7T/Popowitch et al. - 2020 - Comparison of the Biofire FilmArray RP, Genmark eS.pdf}
}

@article{pride2012,
  title = {Validation of an {{Immunodiagnostic Assay}} for {{Detection}} of 13 {{Streptococcus}} Pneumoniae {{Serotype-Specific Polysaccharides}} in {{Human Urine}}},
  author = {Pride, Michael W. and Huijts, Susanne M. and Wu, Kangjian and Souza, Victor and Passador, Sherry and Tinder, Chunyan and Song, Esther and Elfassy, Arik and McNeil, Lisa and Menton, Ronald and French, Roger and Callahan, Janice and Webber, Chris and Gruber, William C. and Bonten, Marc J. M. and Jansen, Kathrin U.},
  year = {2012},
  month = aug,
  journal = {Clinical and Vaccine Immunology},
  volume = {19},
  number = {8},
  pages = {1131--1141},
  publisher = {{American Society for Microbiology}},
  doi = {10.1128/CVI.00064-12},
  urldate = {2023-01-27},
  file = {/home/vp22681/Zotero/storage/7CV7Z2SJ/Pride et al. - 2012 - Validation of an Immunodiagnostic Assay for Detect.pdf}
}

@article{ramanan2017,
  title = {Syndromic {{Panel-Based Testing}} in {{Clinical Microbiology}}},
  author = {Ramanan, Poornima and Bryson, Alexandra L. and Binnicker, Matthew J. and Pritt, Bobbi S. and Patel, Robin},
  year = {2017},
  month = nov,
  journal = {Clinical Microbiology Reviews},
  volume = {31},
  number = {1},
  publisher = {{American Society for Microbiology}},
  doi = {10.1128/cmr.00024-17},
  urldate = {2023-07-11},
  file = {/home/vp22681/Zotero/storage/62SSIL2S/Ramanan et al. - 2017 - Syndromic Panel-Based Testing in Clinical Microbio.pdf}
}

@article{rogan1978,
  title = {Estimating Prevalence from the Results of a Screening Test},
  author = {Rogan, W. J. and Gladen, B.},
  year = {1978},
  month = jan,
  journal = {American Journal of Epidemiology},
  volume = {107},
  number = {1},
  pages = {71--76},
  issn = {0002-9262},
  doi = {10.1093/oxfordjournals.aje.a112510},
  langid = {english},
  pmid = {623091},
  keywords = {Epidemiologic Methods,Female,Humans,Mass Screening,Morbidity,Population Surveillance}
}

@article{shaffer1995,
  title = {Multiple Hypothesis Testing},
  author = {Shaffer, Juliet Popper},
  year = {1995},
  month = jan,
  journal = {Annual Review of Psychology},
  volume = {46},
  pages = {561--585},
  publisher = {{Annual Reviews, Inc.}},
  issn = {00664308},
  urldate = {2023-07-06},
  langid = {english},
  file = {/home/vp22681/Zotero/storage/LK8WW8DD/i.html}
}

@article{thomas2022,
  title = {An Efficient Confidence Interval Estimation for Prevalence Calculated from Misclassified Data},
  author = {Thomas, Abin and Shaheen, Naila A. and Hussein, Mohamed A.},
  year = {2022},
  month = jul,
  journal = {Biostatistics \& Epidemiology},
  volume = {0},
  number = {0},
  pages = {1--17},
  publisher = {{Taylor \& Francis}},
  issn = {2470-9360},
  doi = {10.1080/24709360.2022.2076530},
  urldate = {2023-02-23},
  keywords = {Binomial proportion,confidence limits,Edgeworth expansions,screening tool},
  file = {/home/vp22681/Zotero/storage/K5ICWDKQ/Thomas et al. - 2022 - An efficient confidence interval estimation for pr.pdf}
}

@article{weinstein2005,
  title = {Clinical {{Evaluation}} of {{Diagnostic Tests}}},
  author = {Weinstein, Susan and Obuchowski, Nancy A. and Lieber, Michael L.},
  year = {2005},
  month = jan,
  journal = {American Journal of Roentgenology},
  volume = {184},
  number = {1},
  pages = {14--19},
  publisher = {{American Roentgen Ray Society}},
  issn = {0361-803X},
  doi = {10.2214/ajr.184.1.01840014},
  urldate = {2023-02-24},
  file = {/home/vp22681/Zotero/storage/56I5VKSK/Weinstein et al. - 2005 - Clinical Evaluation of Diagnostic Tests.pdf}
}

@Manual{challen2023,
  title = {testerror: Uncertainty in Multiplex Panel Testing},
  year = {2023},
  author = {Challen, Robert},
  url = {https://github.com/bristol-vaccine-centre/testerror},
  doi = {10.5281/zenodo.7691196},
}
